@inproceedings{Clarke:2010:DSP:1870568.1870571,
 author = {Clarke James and Goldwasser Dan and Chang Ming-Wei and Roth Dan},
 title = {Driving Semantic Parsing from the World's Response},
 booktitle = {Proceedings of the Fourteenth Conference on Computational Natural Language Learning},
 series = {CoNLL '10},
 year = {2010},
 isbn = {978-1-932432-83-1},
 location = {Uppsala, Sweden},
 pages = {18--27},
 numpages = {10},
 url = {http://dl.acm.org/citation.cfm?id=1870568.1870571},
 acmid = {1870571},
 publisher = {Association for Computational Linguistics},
 address = {Stroudsburg, PA, USA},
}

@inproceedings{Nguyen:2009:VQA:1681518.1683170,
 author = {Nguyen, Dai Quoc and Nguyen, Dat Quoc and Pham, Son Bao},
 title = {A Vietnamese Question Answering System},
 booktitle = {Proceedings of the 2009 International Conference on Knowledge and Systems Engineering},
 series = {KSE '09},
 year = {2009},
 isbn = {978-0-7695-3846-4},
 pages = {26--32},
 numpages = {7},
 url = {http://dx.doi.org/10.1109/KSE.2009.42},
 doi = {10.1109/KSE.2009.42},
 acmid = {1683170},
 publisher = {IEEE Computer Society},
 address = {Washington, DC, USA},
 keywords = {Ontology-based Question Answering, Natural language processing},
} 